00589cas a22002291a 4500
001 999304763502836
003 Nz
005 20220202152807.0
008 040108d18671868nz wr ne      0    0eng d
035    $a (NLNZils)930476
035    $a (Nz)8171173
035    $a (NLNZils)930476-ilsdb
035    $a (OCoLC)41220539
040    $a WN $c WN
042    $a nznb
043    $a u-nz---
245 00 $a New Zealand celt.
260    $a [Hokitika, N.Z. : $b s.n., $c 1867-1868]
310    $a Weekly
362 0  $a 1867 Oct.26-1868?
651  0 $a Hokitika (N.Z.) $v Newspapers.
655  7 $a New Zealand newspapers. $2 local $5 Nz
